@misc{maps2005,
    author = {{Google LLC}},
    title = {{Google Maps}},
    howpublished = {\url{https://play.google.com/store/apps/details?id=com.google.android.apps.maps&pcampaignid=web_share}},
    year = {2005},
    note = {Acesso em: 15 nov. 2024. Avaliação na Play Store: 4.3 +10bi de Downloads}
}

@misc{localizacaoufms,
    author = {{Universidade Federal de Mato Grosso do Sul}},
    title = {{Localização UFMS}},
    howpublished = {\url{https://agendamentos.ufms.br/localizacao}},
    note = {Acesso em: 15 nov. 2024.}
}